<record><leader>00000cas a22000007a 4500</leader><controlfield tag="001">10973123</controlfield><controlfield tag="008">840720d18081809nyuwr ne      0    0eng d</controlfield><datafield ind1=" " ind2=" " tag="010"><subfield code="a">sn 84031013 </subfield></datafield><datafield ind1=" " ind2=" " tag="040"><subfield code="a">NYG</subfield><subfield code="b">eng</subfield><subfield code="c">NYG</subfield><subfield code="d">NPX</subfield><subfield code="d">NYS</subfield><subfield code="d">OCL</subfield><subfield code="d">OCLCG</subfield><subfield code="d">OCLCQ</subfield><subfield code="d">OCLCF</subfield><subfield code="d">OCLCO</subfield></datafield><datafield ind1=" " ind2=" " tag="042"><subfield code="a">msc</subfield></datafield><datafield ind1=" " ind2=" " tag="043"><subfield code="a">n-us-ny</subfield></datafield><datafield ind1="0" ind2=" " tag="130"><subfield code="a">Herald of the times (Manlius, N.Y.)</subfield></datafield><datafield ind1="1" ind2="0" tag="245"><subfield code="a">Herald of the times.</subfield></datafield><datafield ind1=" " ind2=" " tag="260"><subfield code="a">Manlius Village [N.Y.] :</subfield><subfield code="b">Printed by Leonard Kellogg</subfield></datafield><datafield ind1=" " ind2=" " tag="300"><subfield code="a">v. ;</subfield><subfield code="c">51 cm.</subfield></datafield><datafield ind1=" " ind2=" " tag="310"><subfield code="a">Weekly</subfield></datafield><datafield ind1="1" ind2=" " tag="362"><subfield code="a">Began with May 24, 1808 issue? Ceased in 1809.</subfield><subfield code="z">Cf. Brigham, C.S. Amer. newspapers.</subfield></datafield><datafield ind1=" " ind2=" " tag="500"><subfield code="a">References: Shaw &amp; Shoemaker 15215a; Brigham, C.S. Amer. newspapers, p. 601.</subfield></datafield><datafield ind1=" " ind2=" " tag="588"><subfield code="a">Description based on: Vol. 1, no. 9 (July 19, 1808).</subfield></datafield><datafield ind1=" " ind2="0" tag="651"><subfield code="a">Manlius (N.Y.)</subfield><subfield code="v">Newspapers.</subfield></datafield><datafield ind1=" " ind2="7" tag="655"><subfield code="a">Newspapers.</subfield><subfield code="2">fast</subfield><subfield code="0">(OCoLC)fst01423814</subfield></datafield><datafield ind1=" " ind2="7" tag="651"><subfield code="a">New York (State)</subfield><subfield code="z">Manlius.</subfield><subfield code="2">fast</subfield><subfield code="0">(OCoLC)fst01229283</subfield></datafield><datafield ind1="1" ind2=" " tag="700"><subfield code="a">Kellogg, Leonard,</subfield><subfield code="d">1781-1817.</subfield></datafield><datafield ind1=" " ind2=" " tag="752"><subfield code="a">United States</subfield><subfield code="b">New York</subfield><subfield code="c">Onondaga</subfield><subfield code="d">Manlius.</subfield></datafield><datafield ind1="0" ind2="0" tag="785"><subfield code="t">Manlius times (Manlius, N.Y. : 1809)</subfield><subfield code="w">(DLC)sn 84031014</subfield><subfield code="w">(OCoLC)2263822</subfield></datafield></record>